[gd_scene load_steps=11 format=3 uid="uid://cbu1xwepj124d"]

[ext_resource type="Texture2D" uid="uid://ceh104iyff51a" path="res://sprites/ui/checkbox_checked.png" id="1_70bhk"]
[ext_resource type="FontFile" uid="uid://d0ua2biw4w4v6" path="res://fonts/Kalam-Bold.ttf" id="1_cykxl"]
[ext_resource type="Texture2D" uid="uid://cyh65fousydwb" path="res://sprites/ui/checkbox.png" id="2_qa488"]
[ext_resource type="Script" path="res://scripts/gui/checkbox.gd" id="3_8cg8e"]

[sub_resource type="StyleBoxEmpty" id="StyleBoxEmpty_6fevw"]

[sub_resource type="StyleBoxEmpty" id="StyleBoxEmpty_n2tjl"]

[sub_resource type="StyleBoxEmpty" id="StyleBoxEmpty_i7xxg"]

[sub_resource type="StyleBoxEmpty" id="StyleBoxEmpty_2y28y"]

[sub_resource type="StyleBoxEmpty" id="StyleBoxEmpty_jlfb1"]

[sub_resource type="StyleBoxEmpty" id="StyleBoxEmpty_tafpk"]

[node name="CheckBox" type="CheckButton"]
offset_right = 647.0
offset_bottom = 278.0
theme_override_icons/checked = ExtResource("1_70bhk")
theme_override_icons/checked_disabled = ExtResource("1_70bhk")
theme_override_icons/unchecked = ExtResource("2_qa488")
theme_override_icons/unchecked_disabled = ExtResource("2_qa488")
theme_override_icons/checked_mirrored = ExtResource("1_70bhk")
theme_override_icons/checked_disabled_mirrored = ExtResource("1_70bhk")
theme_override_icons/unchecked_mirrored = ExtResource("2_qa488")
theme_override_icons/unchecked_disabled_mirrored = ExtResource("2_qa488")
theme_override_styles/normal = SubResource("StyleBoxEmpty_6fevw")
theme_override_styles/pressed = SubResource("StyleBoxEmpty_n2tjl")
theme_override_styles/disabled = SubResource("StyleBoxEmpty_i7xxg")
theme_override_styles/hover = SubResource("StyleBoxEmpty_2y28y")
theme_override_styles/hover_pressed = SubResource("StyleBoxEmpty_jlfb1")
theme_override_styles/focus = SubResource("StyleBoxEmpty_tafpk")
script = ExtResource("3_8cg8e")

[node name="label" type="Label" parent="."]
layout_mode = 0
offset_left = 108.0
offset_top = 53.0
offset_right = 375.0
offset_bottom = 224.0
theme_override_fonts/font = ExtResource("1_cykxl")
theme_override_font_sizes/font_size = 90
text = "text"
horizontal_alignment = 1
vertical_alignment = 1
